@article{ipv6,
	title={Internet protocol, version 6 (IPv6) specification},
	author={Deering, Stephen E},
	year={1998}
}


@book{techoverde,
	title={Planting green roofs and living walls},
	author={Dunnett, Nigel and Kingsbury, No{\"e}l and others},
	volume={254},
	year={2004},
	publisher={Timber Press Portland, OR}
}

@ELECTRONIC{ministerioagricultura,
	author = {{Ministerio de agricultura}},
	year = {10 de bril de 2016},
	title = {\texttt{ https://www.minagricultura.gov.co/}}
}


@ELECTRONIC{ley,
	author = {{Ministerio de medio ambiente}},
	year = {8 de bril de 2016},
	title = {\texttt{http://ambientebogota.gov.co/techos-verdes-y-jardines-verticalessthash.tSdqSq1s.dpuf}}
}

@article{cultivo,
	title={Analysis of the green roofs cooling potential in buildings},
	author={Del Barrio, Elena Palomo},
	journal={Energy and buildings},
	volume={27},
	number={2},
	pages={179--193},
	year={1998},
	publisher={Elsevier}
}